<?xml version="1.0" encoding="UTF-8"?>
<record xmlns="http://www.loc.gov/MARC21/slim" xmlns:xsi="http://www.w3.org/2001/XMLSchema-instance" xsi:schemaLocation="http://www.loc.gov/MARC21/slim http://www.loc.gov/standards/marcxml/schema/MARC21slim.xsd">
<leader>00000cam a22      a 4500</leader>
<controlfield tag="001">001679831</controlfield>
<controlfield tag="003">NNU</controlfield>
<controlfield tag="005">20150327162052.0</controlfield>
<controlfield tag="008">860527s1968    xx       b    000 0 ara d</controlfield>
<datafield tag="010" ind1=" " ind2=" ">
<subfield code="a">   74960158</subfield>
</datafield>
<datafield tag="035" ind1=" " ind2=" ">
<subfield code="a">(OCoLC)249844082</subfield>
</datafield>
<datafield tag="040" ind1=" " ind2=" ">
<subfield code="a">PU</subfield>
<subfield code="b">eng</subfield>
<subfield code="c">PAU</subfield>
<subfield code="d">OCLCF</subfield>
<subfield code="d">OCLCO</subfield>
<subfield code="d">NNU</subfield>
</datafield>
<datafield tag="050" ind1=" " ind2="4">
<subfield code="a">PJ819.S5</subfield>
<subfield code="b">H3 1968</subfield>
</datafield>
<datafield tag="100" ind1="1" ind2=" ">
<subfield code="6">880-01</subfield>
<subfield code="a">Ḥamīdah, ʻAbd al-Ḥasīb Ṭāhā.</subfield>
</datafield>
<datafield tag="245" ind1="1" ind2="0">
<subfield code="6">880-02</subfield>
<subfield code="a">Adab al-Shīʻah ilá nihāyat al-qarn al-thānī al-Hijrī.</subfield>
</datafield>
<datafield tag="260" ind1=" " ind2=" ">
<subfield code="c">1968.</subfield>
</datafield>
<datafield tag="300" ind1=" " ind2=" ">
<subfield code="a">384 p.</subfield>
<subfield code="c">24 cm.</subfield>
</datafield>
<datafield tag="500" ind1=" " ind2=" ">
<subfield code="a">Cover title: Adab e'Chiaa ela nihayet el karn el thani el Hegri, by Abdel Hassib Taha Homad.</subfield>
</datafield>
<datafield tag="500" ind1=" " ind2=" ">
<subfield code="a">In Arabic.</subfield>
</datafield>
<datafield tag="504" ind1=" " ind2=" ">
<subfield code="a">Bibliography: p. [376]-381.</subfield>
</datafield>
<datafield tag="650" ind1=" " ind2="0">
<subfield code="a">Shiite literature.</subfield>
</datafield>
<datafield tag="650" ind1=" " ind2="7">
<subfield code="a">Shiite literature.</subfield>
<subfield code="2">fast</subfield>
<subfield code="0">(OCoLC)fst01115967</subfield>
</datafield>
<datafield tag="880" ind1="1" ind2=" ">
<subfield code="6">100-01/</subfield>
<subfield code="a">حميدة، عبد الحسيب طه.</subfield>
</datafield>
<datafield tag="880" ind1="1" ind2="0">
<subfield code="6">245-02/</subfield>
<subfield code="a">ادب الشيعة الى نهاية القرن الثاني الهجري.</subfield>
</datafield>
<datafield tag="OWN" ind1=" " ind2=" ">
<subfield code="a">GENERAL</subfield>
</datafield>
<datafield tag="AVA" ind1=" " ind2=" ">
<subfield code="a">NYU50</subfield>
<subfield code="b">BOBST</subfield>
<subfield code="c">Main Collection</subfield>
<subfield code="d">PJ819.S5 H3 1968</subfield>
<subfield code="e">unavailable</subfield>
<subfield code="t">Unavailable</subfield>
<subfield code="f">1</subfield>
<subfield code="g">1</subfield>
<subfield code="h">N</subfield>
<subfield code="i">0</subfield>
<subfield code="j">MAIN</subfield>
<subfield code="k">0</subfield>
</datafield>
</record>
